@book{unwin:2006,
   Author = {Unwin, A. R. and Theus, M. and Hofmann, H.},
   Title = {Graphics of Large Datasets},
   Publisher = {Springer},
 Year = {2006} }

 @article{unwin:2003,
   Author = {Unwin, A. R. and Volinsky, C. and Winkler, S.},
   Title = {Parallel Coordinates for Exploratory Modelling Analysis},
   Journal = {Computational Statistics \& Data Analysis},
   Volume = {43},
   Number = {4},
   Pages = {553-564},
 Year = {2003} }

@article{unwin:2002,
   Author = {Unwin, A.R. and Hofmann, H. and Wilhelm, A.},
   Title = {Direct Manipulation Graphics for Data Mining},
   Journal = {International  Journal  of  Image  and  Graphics},
   Volume = {2},
   Number = {1},
   Pages = {49-65},
 Year = {2002} }

@article{unwin:1999,
   Author = {Unwin, A.R.},
   Title = {Requirements for interactive graphics software for exploratory data analysis},
   Journal = {Computational Statistics},
   Volume = {14},
   Pages = {7-22},
 Year = {1999} }

@incollection{unwin:1998a,
   Author = {Unwin, A.R. and Hofmann, H.},
   Title = {New interactive graphics tools for exploratory analysis of spatial data},
   BookTitle = {Innovations in GIS 5},
   Editor = {Carver, S.},
   Publisher = {Taylor \& Francis},
   Address = {London},
   Pages = {46-55},
 Year = {1998} }
 
@article{unwin:1998b,
   Author = {Unwin, A.R. and Unwin, D.J.},
   Title = {Exploratory Spatial Data Analysis with Local Statistics},
   Journal = {The Statistician},
   Volume = {47},
   Number = {3},
   Pages = {415-421},
 Year = {1998} }

@article{unwin:1996,
   Author = {Unwin, A.R. and Hawkins, G. and Hofmann, H. and Siegl, B.},
   Title = {Interactive Graphics for Data Sets with Missing Values - MANET},
   Journal = {Journal of Computational and Graphical Statistics},
   Volume = {5},
   Number = {2},
   Pages = {113-122},
 Year = {1996} }

@inproceedings{unwin:1992,
   Author = {Unwin, A. R. and Sloan, B. and Wills, G.},
   Title = {Interactive Graphical Methods for Trade Flows},
   BookTitle = {New Techniques and Technologies for Statistics},
   Address= {Bonn},
   Publisher = {Office for Official Publications of the EC},
   Pages = {295-303},
 Year = {1992} }

@book{whittaker:1990,
   Author = {Whittaker, J.},
   Title = {Graphical Models in Applied Multivariate Statistics},
   Publisher = {Wiley},
   Address = {Chichester},
 Year = {1990} }

@misc{hofmann:2000a,
   Author = {Hofmann, H.},
   Title = {MANET},
 Year = {2000},
 howpublished = {URL http://stats.math.uni-augsburg.de/MANET/}
 }

@article{hofmann:2000,
	Author = {H. Hofmann},
	Date-Modified = {2006-01-27 16:59:33 +0100},
	Journal = {Metrika},
	Number = {1},
	Pages = {11-26},
	Title = {Exploring categorical data: interactive mosaic plots},
	Volume = {51},
	Year = {2000}}
	
@article{hofmann:2006,
   Author = {Hofmann, H. and Theus, M.},
   Title = {Interactive graphics for visualizing conditional densities},
 	Journal = {Journal of Computational and Graphical Statistics},
Year = {2008} }


@article{inselberg:1999,
   Author = {Inselberg, A.},
   Title = {Don’t panic ... do it in parallel},
   Journal = {Computational Statistics},
   Volume = {14},
   Number = {1},
   Pages = {53-77},
 Year = {1999} }


@book{Playfair:2005,
   Author = {Playfair, W.},
   Title = {Playfair's Commercial and Political Atlas and Statistical Breviary},
   Publisher = {Cambridge},
   Address = {London},
 Year = {2005} }
 

@book{Scott:1992,
   Author = {Scott, D.W.},
   Title = {Multivariate Density Estimation},
   Publisher = {Wiley},
   Address = {New York},
 Year = {1992} }

@article{theus:2002,
   Author = {Theus, M.},
   Title = {Interactive Data Visualization using \uppercase{M}ondrian},
   Journal = {Journal of Statistical Software},
   Volume = {7},
   Number = {11},
 Year = {2002} }
 
 @book{tukey:1977,
   Author = {Tukey, J.W.},
   Title = {Exploratory Data Analysis},
   Publisher = {Addison-Wesley},
   Address = {London},
 Year = {1977} }

@article{wegman:1990,
   Author = {Wegman, E.J.},
   Title = {Hyperdimensional Data Analysis using Parallel Coordinates},
   Journal = {JASA},
   Volume = {85},
   Pages = {664-675},
 Year = {1990} }

@inproceedings{kish:1990,
   Author = {Kish, L.},
   Title = {Weighting: Why, When and How? A Survey for Surveys},
   BookTitle = {Section on Survey Research Methods, American Statistical Association},
   Pages = {121-130},
 Year = {1990} }

@techreport{adams:2002,
   Author = {Adams, R. and Wu, M.},
   Title = {PISA 2000 technical report},
   Institution = {OECD},
 Year = {2002} }


@article{bickel:1975,
   Author = {Bickel, P.J. and Hammel, E.A. and O'Connell, J.W.},
   Title = {Sex Bias in Graduate Admissions: Data from Berkeley},
   Journal = {Science},
   Volume = {187},
   Number = {4175},
   Pages = {398-404},
 Year = {1975} }


@book{bertin:1973,
   Author = {Bertin, J.},
   Title = {Semiologie Graphique},
   Publisher = {Mouton-Gautier},
   Address = {The Hague},
   Edition = {2nd},
 Year = {1973} }


@book{cleveland:1994,
   Author = {Cleveland, W.S.},
   Title = {The Elements of Graphing Data},
   Publisher = {Hobart Press},
   Address = {Summit, New Jersey, USA},
   Edition = {Revised},
 Year = {1994} }


@book{Murrell:2005,
   Author = {Murrell, P.},
   Title = {R Graphics},
   Publisher = {Chapman \& Hall},
   Address = {London},
 Year = {2005} }


@book{wilkinson:2005,
   Author = {Wilkinson, L.},
   Title = {The Grammar of Graphics},
   Publisher = {Springer},
   Address = {New York},
   Edition = {2nd},
 Year = {2005} }

@book{chambers:1983,
   Author = {Chambers, J.M. and Cleveland, W.S. and Kleiner, B. and Tukey, P.A.},
   Title = {Graphical Methods for Data Analysis},
   Publisher = {Wadsworth},
   Address = {Pacific Grove, California},
 Year = {1983} }

@article{carr:1987,
   Author = {Carr, D.B. and Littlefield, R.J. and Nicholson, W.L. and Littlefield, J.S.},
   Title = {Scatterplot Matrix Techniques for large N},
   Journal = {JASA},
   Volume = {82},
   Number = {398},
   Pages = {424-436},
 Year = {1987} }

@article{cleveland:1984,
   Author = {Cleveland, W.S. and McGill, R.},
   Title = {The Many Faces of a Scatterplot},
   Journal = {Journal of the American Statistical Association},
   Volume = {79},
   Pages = {807-822},
 Year = {1984} }

@article{kruskal1:1979,
   Author = {Kruskal, W. and Mosteller, F.},
   Title = {Representative Sampling I: Non-Scientific Literature},
   Journal = {International  Statistical Review},
   Volume = {47},
   Number = {1},
   Pages = {13-24},
 Year = {1979} }

@article{kruskal2:1979,
   Author = {Kruskal, W. and Mosteller, F.},
   Title = {Representative Sampling Ii: Scientific Literature, Excluding Statistics},
   Journal = {International  Statistical Review},
   Volume = {47},
   Number = {2},
   Pages = {111-127},
 Year = {1979} }

@article{kruskal3:1979,
   Author = {Kruskal, W. and Mosteller, F.},
   Title = {Representative Sampling III: The Current Statistical Literature},
   Journal = {International  Statistical Review},
   Volume = {47},
   Number = {3},
   Pages = {245-265},
 Year = {1979} }

@article{kruskal:1980,
   Author = {Kruskal, W. and Mosteller, F.},
   Title = {Representative Sampling IV: The History of the Concept in Statistics, 1895-1939},
   Journal = {International  Statistical Review},
   Volume = {48},
   Number = {2},
   Pages = {169-195},
 Year = {1980} }

@article{mosteller:1982,
   Author = {Mosteller, F. and Tukey, J.},
   Title = {Combination of Results of Stated Precision: I The Optimistic Case},
   Journal = {Utilitas Mathematica},
   Volume = {21A},
   Number = {155-178},
 Year = {1982} }

@incollection{mosteller:1984,
   Author = {Mosteller, F. and Tukey, J.},
   Title = {Combination of Results of Stated Precision: II More Realistic Case},
   BookTitle = {W.G. Cochran's Contributions to Statistics},
   Editor = {Rao, P. and Sedransk, J.},
   Publisher = {Wiley},
   Address = {New York},
 Year = {1984} }


@article{hedges;1992,
   Author = {Hedges, L.},
   Title = {Modeling Publication Selection Effects in Meta-Analysis},
   Journal = {Statistical Science},
   Volume = {7},
   Number = {2},
   Pages = {246-255},
 Year = {1992} }

@incollection{wills:2006,
   Author = {Wills, G.},
   Title = {Networks},
   BookTitle = {Graphics of Large Datasets},
   Editor = {Unwin, A. R. and Theus, M. and Hofmann, H.},
   Publisher = {Springer},
   Pages = {157-175},
 Year = {2006} }

@book{young:2006,
   Author = {Young, F. and Valero, P. and Friendly, M.},
   Title = {Visual Statistics},
   Publisher = {Wiley},
 Year = {2006} }

@inproceedings{brunsdon:2007,
   Author = {Brunsdon, C. and Dykes, J.},
   Title = {Geographically weighted visualization – interactive graphics 
for scale-varying exploratory analysis},
   BookTitle = {GISRUK},
   Address= {Maynooth},
 Year = {2007},
 howpublished = {URL http://ncg.nuim.ie/gisruk/materials/proceedings/PDF/3C1.pdf}
 }

@incollection{patil:2002,
   Author = {Patil, G.P.},
   Title = {Weighted distributions},
   BookTitle = {Encyclopedia of Environmetrics},
   Publisher = {Wiley},
   Address = {Chichester},
   Volume = {4},
   Pages = {2369-2377},
 Year = {2002} }

@misc{theus:2005,
   Author = {Theus, M.},
   Title = {Mondrian},
 Year = {2005},
 howpublished = {URL http://stats.math.uni-augsburg.de/Mondrian/}
 }

@misc{stata:2007,
   Author = {StataCorp},
   Title = {Stata Statistical Software},
   Publisher = {StataCorp College Station, TX},
 Year = {2007}
 }
 
@book{cook:2007,
   Author = {Cook, D. and Swayne, D.},
   Title = {Interactive and Dynamic Graphics for Data Analysis},
   Publisher = {Springer},
 Year = {2007} }

@book{urbanek:2006,
   Author = {Urbanek, S.},
   Title = {Exploratory Model Analysis},
   Publisher = {Books on Demand},
 Year = {2006} }


@article{cochran:1954a,
   Author = {Cochran, W.G. and Mosteller, F. and Tukey, J.W.},
   Title = {Principles of Sampling},
   Journal = {JASA},
   Volume = {49},
   Pages = {13-35},
 Year = {1954} }

@article{cochran:1954b,
   Author = {Cochran, W.G.},
   Title = {The combination of estimates from different experiments},
   Journal = {Biometrics},
   Volume = {10},
   Pages = {101-129},
 Year = {1954} }

@article{hampel:1998,
   Author = {Hampel, F.},
   Title = {Is Statistics Too Difficult?},
   Journal = {Canadian Journal of Statistics},
   Volume = {26},
   Number = {3},
   Pages = {497-513},
 Year = {1998} }


 @article{survey,
   year = {2004},
   author = {Thomas Lumley},
   title = {Analysis of Complex Survey Samples},
   journal = {Journal of Statistical Software},
   volume = {9},
   number = {1},
   pages = {1-19},
   note = {R package verson 2.2},
 }
 
 
@book{ggplot2,
	Author = {Wickham, Hadley},
	Publisher = {Springer},
	Series = {{useR}},
	Title = {ggplot2: Elegant graphics for data analysis},
	Year = {2009}}

